
@online{misc:Guida-Scrum,
  author       = {Ken Schwaber and Jeff Sutherland},
  title        = {La Guida Definitiva a Scrum: Le Regole del Gioco},
  url          = {https://scrumguides.org/docs/scrumguide/v2020/2020-Scrum-Guide-Italian.pdf},
}
@online{site:vsh-sb,
    title   = {Societ√† Benefit - VisioneImpresa},
    url     = {https://www.vsh.it/azienda/societa-benefit/},
}
@online{site:api,
    title   = {Definizione API, ibm},
    url     = {https://www.ibm.com/it-it/think/topics/api},
}
@online{site:erp,
    title   = {Definizione ERP, oracle},
    url     = {https://www.oracle.com/it/erp/what-is-erp/t/},
}
@online{site:pbx,
    title   = {Definizione PBX, 3CX},
    url     = {https://www.3cx.it/voip-sip/sistema-telefonico-pbx/},
}
@online{site:ide,
    title   = {Definizione IDE, redhat},
    url     = {https://www.redhat.com/it/topics/middleware/what-is-ide},
}
@online{site:rest,
    title   = {Definizione REST, aws.amazon},
    url     = {https://docs.aws.amazon.com/it_it/appsync/latest/devguide/what-is-rest.html},
}
@online{site:orm,
    title   = {Definizione ORM, codegrind},
    url     = {https://www.codegrind.it/blog/cosa-sono-orm},
}
@online{site:dto,
    title   = {Definizione DTO, microsoft},
    url     = {https://learn.microsoft.com/it-it/aspnet/web-api/overview/data/using-web-api-with-entity-framework/part-5},
}
@online{site:http,
    title   = {Definizione HTTP, geekandjob},
    url     = {https://www.geekandjob.com/wiki/http},
}
@online{site:llm,
    title   = {Definizione LLM, hpe},
    url     = {https://www.hpe.com/it/it/what-is/large-language-model.html},
}
@online{site:poc,
    title   = {Definizione PoC, microsoft},
    url     = {https://learn.microsoft.com/it-it/aspnet/web-api/overview/data/using-web-api-with-entity-framework/part-5},
}
@online{site:legacy,
    title   = {Definizione legacy, ibm},
    url     = {https://www.ibm.com/it-it/think/topics/legacy-application-modernization},
}
@online{site:endpoint,
    title   = {Definizione endpoint, ibm},
    url     = {https://www.ibm.com/it-it/think/topics/api-endpoint},
}
@online{site:clean-architecture,
    title   = {Definizione Clean architecture, techisfun.github},
    url     = {https://techisfun.github.io/clean-architecture-introduction.html},
}

